@article{Perez,
 author = {P\'{e}rez, Patrick and Gangnet, Michel and Blake, Andrew},
 title = {Poisson image editing},
 journal = {ACM Trans. Graph.},
 volume = {22},
 issue = {3},
 month = {July},
 year = {2003},
 issn = {0730-0301},
 pages = {313--318},
 numpages = {6},
 url = {http://doi.acm.org/10.1145/882262.882269},
 doi = {http://doi.acm.org/10.1145/882262.882269},
 acmid = {882269},
 publisher = {ACM},
 address = {New York, NY, USA},
 keywords = {Poisson equation, guided interpolation, image gradient, interactive image editing, seamless cloning, selection editing},
}

@article{ddp,
    author = { Jiaya Jia and Jian Sun and Chi-Keung Tang and Heung-Yeung Shum},
    title = {Drag-and-Drop Pasting},
    journal = {ACM Transactions on Graphics (SIGGRAPH)},
    year = {2006}, 
}

@inproceedings{sun, 
author={Mingxuan Sun and Ruigang Yang and Lin Yun and Landon, G. and Seales, B. and Brown, M.S.}, 
booktitle={Computer Vision, 2005. ICCV 2005. Tenth IEEE International Conference on}, 
title={Geometric and photometric restoration of distorted documents}, 
year={2005}, 
month={oct.}, 
volume={2}, 
number={}, 
pages={1117 -1123 Vol. 2}, 
keywords={2D content reflectance image;3D scan;3D shape;3D surface information;arbitrary geometric distortion;distorted document;document geometry;geometric restoration;high-resolution image;illumination correction;photometric restoration;surface distortion;computational geometry;document image processing;image restoration;photometry;}, 
doi={10.1109/ICCV.2005.106}, 
ISSN={1550-5499},}

@inproceedings{Kazhdan,
 author = {Kazhdan, Michael and Bolitho, Matthew and Hoppe, Hugues},
 title = {Poisson surface reconstruction},
 booktitle = {Proceedings of the fourth Eurographics symposium on Geometry processing},
 series = {SGP '06},
 year = {2006},
 isbn = {3-905673-36-3},
 location = {Cagliari, Sardinia, Italy},
 pages = {61--70},
 numpages = {10},
 url = {http://dl.acm.org/citation.cfm?id=1281957.1281965},
 acmid = {1281965},
 publisher = {Eurographics Association},
 address = {Aire-la-Ville, Switzerland, Switzerland},
} 

@incollection {Shen,
   author = {Shen, Jianbing and Jin, Xiaogang and Zhou, Chuan},
   affiliation = {State Key Lab of CAD&CG, Zhejiang University, Hangzhou, 310027 P.R. China},
   title = {Gradient Based Image Completion by Solving Poisson Equation},
   booktitle = {Advances in Multimedia Information Processing - PCM 2005},
   series = {Lecture Notes in Computer Science},
   editor = {Ho, Yo-Sung and Kim, Hyoung},
   publisher = {Springer Berlin / Heidelberg},
   isbn = {978-3-540-30027-4},
   keyword = {Computer Science},
   pages = {257-268},
   volume = {3767},
    year = {2005}
}

@inproceedings{Bertalmio,
 author = {Bertalmio, Marcelo and Sapiro, Guillermo and Caselles, Vincent and Ballester, Coloma},
 title = {Image inpainting},
 booktitle = {Proceedings of the 27th annual conference on Computer graphics and interactive techniques},
 series = {SIGGRAPH '00},
 year = {2000},
 isbn = {1-58113-208-5},
 pages = {417--424},
 numpages = {8},
 url = {http://dx.doi.org/10.1145/344779.344972},
 doi = {http://dx.doi.org/10.1145/344779.344972},
 acmid = {344972},
 publisher = {ACM Press/Addison-Wesley Publishing Co.},
 address = {New York, NY, USA},
 keywords = {anisotropic diffusion, image restoration, inpainting, isophotes},
} 

@article{Ballester, 
author={Ballester, C. and Bertalmio, M. and Caselles, V. and Sapiro, G. and Verdera, J.}, 
journal={Image Processing, IEEE Transactions on}, 
title={Filling-in by joint interpolation of vector fields and gray levels }, 
year={2001}, 
month={aug}, 
volume={10}, 
number={8}, 
pages={1200 -1211}, 
keywords={Gestaltist's principle;coupled second order partial differential equations;dates;digital images;filling-in regions;gradient descent flow;gradient orientations;gradient/isophotes directions;gray levels;joint interpolation;missing data regions;old photographs restoration;publicity;still images;subtitles;superimposed text removal;variational approach;vector fields;gradient methods;image restoration;interpolation;partial differential equations;variational techniques;}, 
doi={10.1109/83.935036}, 
ISSN={1057-7149},}

@article{richardson72, 
author = {WILLIAM HADLEY Richardson}, 
journal = {J. Opt. Soc. Am.}, 
keywords = {},
number = {1}, 
pages = {55--59}, 
publisher = {OSA},
title = {Bayesian-Based Iterative Method of Image Restoration}, 
volume = {62}, 
month = {Jan},
year = {1972},
url = {http://www.opticsinfobase.org/abstract.cfm?URI=josa-62-1-55},
doi = {10.1364/JOSA.62.000055},
abstract = {An iterative method of restoring degraded images was developed by treating images, point spread functions, and degraded images as probability-frequency functions and by applying Bayes's theorem. The method functions effectively in the presence of noise and is adaptable to computer operation.},
}



